%% This BibTeX bibliography file was created using BibDesk.
%% http://bibdesk.sourceforge.net/

%% Created for Reid Falconer at 2018-11-23 17:08:32 +0100 


%% Saved with string encoding Unicode (UTF-8) 



@webpage{aicher,
	Author = {Christopher Aicher and Ryan Hand},
	Date-Added = {2018-11-23 16:06:39 +0000},
	Date-Modified = {2018-11-23 16:08:30 +0000},
	Title = {Sequence Alignment Lecture},
	Url = {http://tuvalu.santafe.edu/~aaronc/courses/5454/csci5454},
	Year = {2013}}

@webpage{greedy,
	Author = {Dave Mount},
	Date-Added = {2018-11-23 15:56:25 +0000},
	Date-Modified = {2018-11-23 15:57:08 +0000},
	Institution = {CMSC},
	Title = {Greedy Algorithms: Huffman Coding},
	Url = {http://www.cs.umd.edu/class/fall2017/cmsc451-0101/Lects/lect06-greedy-huffman.pdf},
	Year = {2017}}

@webpage{huff_correctness,
	Author = {Vassos Hadzilacos},
	Date-Added = {2018-11-23 12:32:24 +0000},
	Date-Modified = {2018-11-23 12:33:24 +0000},
	Institution = {University of Toronto},
	Title = {Correctness and running time of Huffman's algorithm},
	Url = {http://www.cs.toronto.edu/~vassos/teaching/c73/handouts/huffman.pdf},
	Year = {2017},
	Bdsk-Url-1 = {http://www.cs.toronto.edu/~vassos/teaching/c73/handouts/huffman.pdf}}

@book{kleinberg2006algorithm,
	Author = {Kleinberg, Jon and Tardos, Eva},
	Date-Added = {2018-11-23 08:42:23 +0000},
	Date-Modified = {2018-11-23 08:42:23 +0000},
	Publisher = {Pearson Education India},
	Title = {Algorithm design},
	Year = {2006}}

@webpage{Agrawal,
	Author = {Kunal Agrawal},
	Date-Added = {2018-11-22 23:14:19 +0000},
	Date-Modified = {2018-11-22 23:17:19 +0000},
	Institution = {CSE 341, Fall 2017},
	Month = {May},
	Title = {Dynamic Programming},
	Url = {http://www.classes.cec.wustl.edu/~cse341/web/handouts/lecture11.pdf},
	Year = {2017},
	Bdsk-Url-1 = {http://www.classes.cec.wustl.edu/~cse341/web/handouts/lecture11.pdf}}

@electronic{editdistance,
	Author = {Standford},
	Date-Added = {2018-11-22 23:02:56 +0000},
	Date-Modified = {2018-11-22 23:05:20 +0000},
	Title = {Edit Distance},
	Url = {https://nlp.stanford.edu/IR-book/html/htmledition/edit-distance-1.html},
	Bdsk-Url-1 = {https://nlp.stanford.edu/IR-book/html/htmledition/edit-distance-1.html}}

@inproceedings{levenshtein1966binary,
	Author = {Levenshtein, Vladimir I},
	Booktitle = {Soviet physics doklady},
	Date-Added = {2018-11-22 22:28:12 +0000},
	Date-Modified = {2018-11-22 22:28:12 +0000},
	Number = {8},
	Pages = {707--710},
	Title = {Binary codes capable of correcting deletions, insertions, and reversals},
	Volume = {10},
	Year = {1966}}
